@book{Grandis,
  title={Category theory and applications: a textbook for beginners},
  author={Grandis, Marco},
  year={2021},
  publisher={World Scientific}
}


@book{Roman,
  title={An introduction to the language of category theory},
  author={Roman, Steven and others},
  volume={6},
  year={2017},
  publisher={Springer}
}

@book{CoeckeKisssinger, 
  place={Cambridge},
  title={Picturing Quantum Processes: A First Course in Quantum Theory and Diagrammatic Reasoning}, 
  DOI={10.1017/9781316219317}, 
  publisher={Cambridge University Press}, 
  author={Coecke, Bob and Kissinger, Aleks}, 
  year={2017}
  }

  @book{Simmons,
  title={An introduction to category theory},
  author={Simmons, Harold},
  year={2011},
  publisher={Cambridge University Press}
}

@book{Milewski,
  title={Category theory for programmers},
  author={Milewski, Bartosz},
  year={2018},
  publisher={Blurb}
}

@book{Pierce,
  title={Basic category theory for computer scientists},
  author={Pierce, Benjamin C},
  year={1991},
  publisher={MIT press}
}

@book{BarrWells,
  title={Category theory for computing science},
  author={Barr, Michael and Wells, Charles},
  volume={1},
  year={1990},
  publisher={Prentice Hall New York}
}

@book{mac2013categories,
  title={Categories for the working mathematician},
  author={Mac Lane, Saunders},
  volume={5},
  year={2013},
  publisher={Springer Science \& Business Media}
}

@book{lawvere2009conceptual,
  title={Conceptual mathematics: a first introduction to categories},
  author={Lawvere, F William and Schanuel, Stephen H},
  year={2009},
  publisher={Cambridge University Press}
}

@book{awodey2010category,
  title={Category theory},
  author={Awodey, Steve},
  year={2010},
  publisher={Oxford university press}
}

@book{leinster2014basic,
  title={Basic category theory},
  author={Leinster, Tom},
  volume={143},
  year={2014},
  publisher={Cambridge University Press}
}

@book{spivak2014category,
  title={Category theory for the sciences},
  author={Spivak, David I},
  year={2014},
  publisher={MIT press}
}

@book{riehl2017category,
  title={Category theory in context},
  author={Riehl, Emily},
  year={2017},
  publisher={Courier Dover Publications}
}

@book{fong2019invitation,
  title={An invitation to applied category theory: seven sketches in compositionality},
  author={Fong, Brendan and Spivak, David I},
  year={2019},
  publisher={Cambridge University Press}
}

@book{cheng2022joy,
  title={The joy of abstraction: an exploration of math, category theory, and life},
  author={Cheng, Eugenia},
  year={2022},
  publisher={Cambridge University Press}
}

