@string{RAS = "Robotics and Autonomous Systems"}
@string{RSS = "Robotics: Science and Systems"}
@string{RAM = "Robotics and Automation Magazine"}
@string{IROS = "Proceedings of the IEEE/RSJ International Conference on Intelligent Robots and Systems (IROS)" }
@string{ICRA = "Proceedings of the IEEE International Conference on Robotics and Automation (ICRA)" }
@string{icra = "Proceedings of the IEEE International Conference on Robotics and Automation (ICRA)" }
@string{ICDL = "Proceedings of the International Conference on Development and Learning (ICDL)"}
@string{IJCAI = "Proceedings of the International Joint Conference on Artificial Intelligence (IJCAI)"}
@string{ICAR = "Proceedings of the International Conference on Advanced Robotics (ICAR)"}
@string{JAIR = "Journal of Artificial Intelligence Research (JAIR)"}

@string{NIPS = "Advances in Neural Information Processing Systems ({NIPS})" }
@string{EPIROB = "Proceedings of the International Conference on Epigenetic Robotics (EpiRob)" }
@string{ROBIO = "Proceedings of the IEEE International Conference on Robotics and Biomimetics (ROBIO)"}
@string{ICDL_EPIROB = "Proceedings of the Joint IEEE International Conference on Development and Learning and Epigenetic Robotics"}

@string{ICML = "Proceedings of the International Conference on Machine Learning (ICML)"}

@string{AR = "Autonomous Robots"}

@string{PAMI = "IEEE Transactions on Pattern Analysis and Machine Intelligence"}
@string{TRO = "IEEE Transactions on Robotics"}
@string{TSP = "IEEE Transactions on Signal Processing"}
@string{TAC = "IEEE Transactions on Automatic Control"}

@string{AAMAS = "International Conference on Autonomous Agents and Multiagent Systems (AAMAS)" }
@string{CDC = "Proceedings of the IEEE Conference on Decision and Control (CDC)"}
@string{ACC = "Proceedings of the American Control (ACC)"}
@string{ITAMD = "IEEE Transactions on Autonomous Mental Development"}
@string{WAFR = "Workshop on the Algorithmic Foundations of Robotics ({WAFR})"}
@string{CVPR = "IEEE Computer Society Conference on Computer Vision and Pattern Recognition ({CVPR})" }

@string{IJRR = "International Journal of Robotics Research"}
@string{IJCV = "International Journal of Computer Vision"}

@string{PNAS = "Proceedings of the National Academy of Sciences of the United States of America (PNAS)"}

@string{UAI = "International Conference on Uncertainty in Artificial Intelligence"}

@string{iccv = "Proceedings of the IEEE International Conference on Computer Vision"}
@string{eccv = "Proceedings of the European Conference on Computer Vision" }